<?xml version="1.0" encoding="UTF-8"?><record xmlns="http://www.loc.gov/MARC21/slim" xmlns:cinclude="http://apache.org/cocoon/include/1.0" xmlns:zs="http://www.loc.gov/zing/srw/">
  <leader>00453nz  a2200145n  4500</leader>
  <controlfield tag="001">no2007106050</controlfield>
  <controlfield tag="003">DLC</controlfield>
  <controlfield tag="005">20070913075202.0</controlfield>
  <controlfield tag="008">070904n| acannaabn          |a aaa      </controlfield>
  <datafield tag="010" ind1=" " ind2=" ">
    <subfield code="a">no2007106050</subfield>
  </datafield>
  <datafield tag="035" ind1=" " ind2=" ">
    <subfield code="a">(OCoLC)oca07518309</subfield>
  </datafield>
  <datafield tag="040" ind1=" " ind2=" ">
    <subfield code="a">DNAL</subfield>
    <subfield code="b">eng</subfield>
    <subfield code="c">DNAL</subfield>
  </datafield>
  <datafield tag="100" ind1="1" ind2=" ">
    <subfield code="a">Kamerling, Johannis P.,</subfield>
    <subfield code="d">1944-</subfield>
  </datafield>
  <datafield tag="400" ind1="1" ind2=" ">
    <subfield code="a">Kamerling, J. P.,</subfield>
    <subfield code="d">1944-</subfield>
  </datafield>
  <datafield tag="670" ind1=" " ind2=" ">
    <subfield code="a">Comprehensive glycoscience, 2007:</subfield>
    <subfield code="b">t.p. (Johannis P. Kamerling) p. ix (b. 1944) cover (J. P. Kamerling)</subfield>
  </datafield>
</record>